@article{SwipeBot,
  author          = {N. Zherdev and M. Kurenkov and K. Belikova and D. Tsetserukou},
  journal         = {ArXiv},
  title           = {"SwipeBot: DNN-based Autonomous Robot Navigation among Movable Obstacles in Cluttered Environments"},
  volume          = {abs/2305.04851},
  year            = {2023}
}
@article{SG,
  author         = {R. Bhaskara and M. Chiu and A. Bera},
  journal        = {ArXiv},
  title          = {"SG-LSTM: Social Group LSTM for Robot Navigation Through Dense Crowds"},
  volume         = {abs/2303.04320},
  year           = {2023}
}
@article{review,
  author          = {Z. C. Lipton and J. Berkowitz and C. Elkan},
  journal         = {ArXiv},
  title           = {"A Critical Review of Recurrent Neural Networks for Sequence Learning"},
  volume          = {abs/1506.00019},
  year            = {2015}
}
@article{GAN,
  author          = {T. S. Lembono and E. Pignat and J. Jankowski and S. Calinon},
  journal         = {ArXiv},
  title           = {"Learning Constrained Distributions of Robot Configurations with Generative Adversarial Network"},
  volume          = {abs/2011.05717},
  year            = {2021}
}
@article{BadNet,
  author          = {T. Gu and B. Dolan-Gavitt and S. Garg},
  journal         = {ArXiv},
  title           = {"BadNet: Identifying Vulnerabilities in the Machine Learning Model Supply Chain"},
  volume          = {abs/1708.06733},
  year            = {2019}
}
@article{ResNet,
  author          = {K. He and X. Zhang and S. Ren and J. Sun},
  journal         = {ArXiv},
  title           = {"Deep Residual Learning for Image Recognition"},
  volume          = {abs/1512.03385},
  year            = {2015}
}